<record><leader>00000cas a22000007a 4500</leader><controlfield tag="001">28918987</controlfield><controlfield tag="008">930930d190919uumoumr ne      0    0eng d</controlfield><datafield ind1=" " ind2=" " tag="010"><subfield code="a">sn 93060038 </subfield></datafield><datafield ind1=" " ind2=" " tag="040"><subfield code="a">MQN</subfield><subfield code="b">eng</subfield><subfield code="c">MQN</subfield><subfield code="d">OCLCQ</subfield></datafield><datafield ind1=" " ind2=" " tag="042"><subfield code="a">msc</subfield></datafield><datafield ind1="0" ind2=" " tag="130"><subfield code="a">Equality (Independence, Mo.)</subfield></datafield><datafield ind1="1" ind2="0" tag="245"><subfield code="a">Equality.</subfield></datafield><datafield ind1=" " ind2=" " tag="260"><subfield code="a">Independence, Mo. :</subfield><subfield code="b">United Order of Equality</subfield></datafield><datafield ind1=" " ind2=" " tag="300"><subfield code="a">v.</subfield></datafield><datafield ind1=" " ind2=" " tag="310"><subfield code="a">Monthly</subfield></datafield><datafield ind1="0" ind2=" " tag="362"><subfield code="a">Vol. 1, no. 1 (Nov. 15, 1909)-</subfield></datafield><datafield ind1=" " ind2=" " tag="752"><subfield code="a">United States</subfield><subfield code="b">Missouri</subfield><subfield code="c">Jackson</subfield><subfield code="d">Independence.</subfield></datafield></record>